@article{agent-based-pdes,
	year={2013},
	journal={Complex Adaptive Systems Modeling},
	eid={12},
	volume={1},
	number={1},
	doi={10.1186/2194-3206-1-12},
	title={An agent-based framework for performance modeling of an optimistic parallel discrete event simulator},
	url={http://dx.doi.org/10.1186/2194-3206-1-12},
	publisher={Springer Berlin Heidelberg},
	keywords={Agent-based modeling; Parallel simulation; Self organizing system; Game theory; Load balancing},
	author={Kurve, Aditya and Kotobi, Khashayar and Kesidis, George},
	language={English}
}

@article{dist-des,
	title={Distributed discrete-event simulation},
	author={Misra, Jayadev},
	journal={ACM Computing Surveys (CSUR)},
	volume={18},
	number={1},
	pages={39--65},
	year={1986},
	publisher={ACM}
}

@inproceedings{birds,
	title={Birds on the wall: Distributing a process-oriented simulation},
	author={Sampson, Adam T and Bj{\o}rndalen, John Markus and Andrews, Paul S},
	booktitle={Evolutionary Computation, 2009. CEC'09. IEEE Congress on},
	pages={225--231},
	year={2009},
	organization={IEEE}
}

@inproceedings{dyn-proc-net-go,
	title={{Serving Web Content with Dynamic Process Networks in Go.}},
	author={Whitehead II, James},
	booktitle={CPA},
	pages={209--226},
	year={2011}
}

@article{fujimoto-pdes,
	author = {Fujimoto, Richard M.},
	title = {Parallel Discrete Event Simulation},
	journal = {Commun. ACM},
	issue_date = {Oct. 1990},
	volume = {33},
	number = {10},
	month = oct,
	year = {1990},
	issn = {0001-0782},
	pages = {30--53},
	numpages = {24},
	url = {http://doi.acm.org/10.1145/84537.84545},
	doi = {10.1145/84537.84545},
	acmid = {84545},
	publisher = {ACM},
	address = {New York, NY, USA},
}

@misc{Go,
  title = {{The Go Programming Language}},
  howpublished = {\url{http://golang.org/}},
  note = {Accessed: 2015-06-08}
}

@misc{goref,
	title = {{The Go Programming Language Specification}},
	howpublished = {\url{http://golang.org/ref/spec}},
	note = {Accessed: 2015-06-08}
}

@inproceedings{eeffsim,
  title={Eeffsim: A discrete event simulator for energy efficiency in large-scale storage systems},
  author={Prabhakar, Ramya and Kruus, Erik and Lu, Guanlin and Ungureanu, Cristian},
  booktitle={Energy Aware Computing (ICEAC), 2011 International Conference on},
  pages={1--6},
  year={2011},
  organization={IEEE}
}

@article{callback-hell,
  title={Roy: A Statically Typed, Functional Language for JavaScript},
  author={McKenna, Brian},
  journal={IEEE Internet Computing},
  number={3},
  pages={86--91},
  year={2012},
  publisher={IEEE}
}

@inproceedings{omnetpp,
  title={The OMNeT++ discrete event simulation system},
  author={Varga, Andr{\'a}s and others},
  booktitle={Proceedings of the European simulation multiconference (ESMâ€™2001)},
  volume={9},
  number={S 185},
  pages={65},
  year={2001},
  organization={sn}
}

@misc{erlang,
	title = {{The Erlang Programming Language}},
	howpublished = {\url{http://www.erlang.org/}},
	note = {Accessed: 2015-06-08}
}

@misc{limbo,
	title = {{Limbo}},
	howpublished = {\url{http://www.vitanuova.com/inferno/limbo.html}},
	note = {Accessed: 2015-07-21}
}

@inproceedings{flowprog,
	title={Flow-based programming},
	author={Morrison, J Paul},
	booktitle={Proc. 1st International Workshop on Software Engineering for Parallel and Distributed Systems},
	pages={25--29},
	year={1994}
}

@article{lamport-time,
	title={Time, clocks, and the ordering of events in a distributed system},
	author={Lamport, Leslie},
	journal={Communications of the ACM},
	volume={21},
	number={7},
	pages={558--565},
	year={1978},
	publisher={ACM}
}

@article{cosmos,
	title={A process-oriented architecture for complex system modelling},
	author={Ritson, Carl G and Welch, Peter H},
	journal={Concurrency and Computation: Practice and Experience},
	volume={22},
	number={8},
	pages={965--980},
	year={2010},
	publisher={Wiley Online Library}
}

@book{newsqueak,
	title={Newsqueak: A language for communicating with mice},
	author={Pike, Rob},
	year={1989},
	publisher={Bell Laboratories}
}

@misc{occam-pi,
	title = {{occam-$\pi$}},
	howpublished = {\url{http://www.occam-pi.org/}},
	author = {A. T. Sampson and C. G. Ritson and M. C. Jadud and F. R. M. Barnes and P. H. Welch},
	note = {Accessed: 2015-06-08}
}

@misc{zeromq,
	title = {{ZeroMQ}},
	howpublished = {\url{http://www.zeromq.org/}},
	note = {Accessed: 2015-06-08}
}

@misc{microservices,
	title = {{Microservices}},
	howpublished = {\url{http://martinfowler.com/articles/microservices.html}},
	author = {James Lewis and Martin Fowler},
	note = {Accessed: 2015-06-08}
}

@misc{simpy,
	title = {{SimPy}},
	howpublished = {\url{https://simpy.readthedocs.org/}},
	note = {Accessed: 2015-06-08}
}

@article{conservative-pdes-2,
  title={Distributed simulation: A case study in design and verification of distributed programs},
  author={Chandy, K Mani and Misra, Jayadev},
  journal={Software Engineering, IEEE Transactions on},
  number={5},
  pages={440--452},
  year={1979},
  publisher={IEEE}
}

@techreport{conservative-pdes-1,
 author = {Bryant, R. E.},
 title = {SIMULATION OF PACKET COMMUNICATION ARCHITECTURE COMPUTER SYSTEMS},
 year = {1977},
 source = {http://www.ncstrl.org:8900/ncstrl/servlet/search?formname=detail\&id=oai%3Ancstrlh%3Amitai%3AMIT-LCS%2F%2FMIT%2FLCS%2FTR-188},
 publisher = {Massachusetts Institute of Technology},
 address = {Cambridge, MA, USA},
}

@inproceedings{ross-warpspeed,
 author = {Barnes,Jr., Peter D. and Carothers, Christopher D. and Jefferson, David R. and LaPre, Justin M.},
 title = {Warp Speed: Executing Time Warp on 1,966,080 Cores},
 booktitle = {Proceedings of the 2013 ACM SIGSIM Conference on Principles of Advanced Discrete Simulation},
 series = {SIGSIM-PADS '13},
 year = {2013},
 isbn = {978-1-4503-1920-1},
 location = {Montr\&\#169;al, Qu\&\#233;bec, Canada},
 pages = {327--336},
 numpages = {10},
 url = {http://doi.acm.org/10.1145/2486092.2486134},
 doi = {10.1145/2486092.2486134},
 acmid = {2486134},
 publisher = {ACM},
 address = {New York, NY, USA},
 keywords = {blue gene/q, parallel discrete-event simulation, time warp},
}

@inproceedings{ROSS,
 author = {Bauer Jr., David W. and Carothers, Christopher D. and Holder, Akintayo},
 title = {Scalable Time Warp on Blue Gene Supercomputers},
 booktitle = {Proceedings of the 2009 ACM/IEEE/SCS 23rd Workshop on Principles of Advanced and Distributed Simulation},
 series = {PADS '09},
 year = {2009},
 isbn = {978-0-7695-3713-9},
 pages = {35--44},
 numpages = {10},
 url = {http://dx.doi.org/10.1109/PADS.2009.21},
 doi = {10.1109/PADS.2009.21},
 acmid = {1577971},
 publisher = {IEEE Computer Society},
 address = {Washington, DC, USA},
 keywords = {Time Warp, Blue Gene Supercomputer},
}

@article{timewarp,
 author = {Jefferson, David R.},
 title = {Virtual Time},
 journal = {ACM Trans. Program. Lang. Syst.},
 issue_date = {July 1985},
 volume = {7},
 number = {3},
 month = jul,
 year = {1985},
 issn = {0164-0925},
 pages = {404--425},
 numpages = {22},
 url = {http://doi.acm.org/10.1145/3916.3988},
 doi = {10.1145/3916.3988},
 acmid = {3988},
 publisher = {ACM},
 address = {New York, NY, USA},
}

@article{survey-power,
 author = {Bostoen, Tom and Mullender, Sape and Berbers, Yolande},
 title = {Power-reduction Techniques for Data-center Storage Systems},
 journal = {ACM Comput. Surv.},
 issue_date = {June 2013},
 volume = {45},
 number = {3},
 month = jul,
 year = {2013},
 issn = {0360-0300},
 pages = {33:1--33:38},
 articleno = {33},
 numpages = {38},
 url = {http://doi.acm.org/10.1145/2480741.2480750},
 doi = {10.1145/2480741.2480750},
 acmid = {2480750},
 publisher = {ACM},
 address = {New York, NY, USA},
 keywords = {Cloud storage, data center, disk drive, energy efficiency, power reduction},
}

@article{csp,
  title={Communicating sequential processes},
  author={Hoare, Charles Antony Richard},
  journal={Communications of the ACM},
  volume={21},
  number={8},
  pages={666--677},
  year={1978},
  publisher={ACM}
}

@book{pi-calculus,
 author = {Milner, Robin},
 title = {Communicating and Mobile Systems: The $\pi$-calculus},
 year = {1999},
 isbn = {0-521-65869-1},
 publisher = {Cambridge University Press},
 address = {New York, NY, USA},
}

@misc{mpi,
  author = {{MPI Forum}},
  title = {{Message Passing Interface (MPI) Forum Home Page}},
  howpublished = {{\tt http://www.mpi-forum.org/} (Dec. 2009)},
  note = {Accessed: 2015-06-08}
}

@misc{amd-interlagos,
  author = {{Numerical Algorithms Group Ltd.}},
  title = {{How to make best use of the AMD Interlagos processor}},
  howpublished = {{\url{http://www.nag.com/market/dcse_reports/interlagos_whitepaper.pdf}}},
  note = {Accessed: 2015-07024},
  month = nov,
  year = {2011}
}


@article{paraid,
  title={PARAID: A gear-shifting power-aware RAID},
  author={Weddle, Charles and Oldham, Mathew and Qian, Jin and Wang, An-I Andy and Reiher, Peter and Kuenning, Geoff},
  journal={ACM Transactions on Storage (TOS)},
  volume={3},
  number={3},
  pages={13},
  year={2007},
  publisher={ACM}
}


